@article{siddikee2018,
  title={Do Daily Dividends Reduce Stock Return Volatility and Value-at-Risk?},
  author={Siddikee, Md Nur Alam},
  journal={The Journal of Private Equity},
  volume={21},
  number={4},
  pages={75--86},
  year={2018},
  publisher={Euromoney Institutional Investor PLC},
  url={https://www.jstor.org/stable/10.2307/26497446}
}

@article{kim2013disappearing,
  title={Disappearing Dividends: Implications for the Dividendâ€”Price Ratio and Return Predictability},
  author={Kim, Chang-Jin and Park, Cheolbeom},
  journal={Journal of Money, Credit and Banking},
  volume={45},
  number={5},
  pages={933--952},
  year={2013},
  publisher={Wiley},
  url={https://www.jstor.org/stable/23463563}
}

@article{graham2006do,
  title={Do Dividend Clienteles Exist? Evidence on Dividend Preferences of Retail Investors},
  author={Graham, John R and Kumar, Alok},
  journal={The Journal of Finance},
  volume={61},
  number={3},
  pages={1305--1336},
  year={2006},
  url={https://www.jstor.org/stable/3699324}
}

@article{baker2004catering,
  title={A Catering Theory of Dividends},
  author={Baker, Malcolm and Wurgler, Jeffrey},
  journal={The Journal of Finance},
  volume={59},
  number={3},
  pages={1125--1165},
  year={2004},
  publisher={Wiley for the American Finance Association},
  url={https://www.jstor.org/stable/3694732}
}

@article{banerjee2007stock,
  title={Stock Market Liquidity and Firm Dividend Policy},
  author={Banerjee, Suman and Gatchev, Vladimir A and Spindt, Paul A},
  journal={The Journal of Financial and Quantitative Analysis},
  volume={42},
  number={2},
  pages={369--397},
  year={2007},
  publisher={Cambridge University Press on behalf of the University of Washington School of Business Administration},
  url={https://www.jstor.org/stable/27647301}
}
